<record><leader>00000cas a2200000 a 4500</leader><controlfield tag="001">71295887</controlfield><controlfield tag="006">m     o  d        </controlfield><controlfield tag="007">cr anu||||||||</controlfield><controlfield tag="008">060911d18231828mauwr nso     0    0eng c</controlfield><datafield ind1=" " ind2=" " tag="010"><subfield code="a">  2007233803</subfield></datafield><datafield ind1=" " ind2=" " tag="040"><subfield code="a">APSON</subfield><subfield code="b">eng</subfield><subfield code="c">APSON</subfield><subfield code="d">GUA</subfield><subfield code="d">OCLCQ</subfield><subfield code="d">OCLCF</subfield><subfield code="d">OCLCO</subfield><subfield code="d">OCLCQ</subfield><subfield code="d">OCL</subfield></datafield><datafield ind1=" " ind2=" " tag="042"><subfield code="a">pcc</subfield></datafield><datafield ind1=" " ind2=" " tag="043"><subfield code="a">n-us-ma</subfield></datafield><datafield ind1="1" ind2="4" tag="050"><subfield code="a">BX8201</subfield></datafield><datafield ind1="0" ind2=" " tag="130"><subfield code="a">Zion's herald (Boston, Mass. : 1823 : Online)</subfield></datafield><datafield ind1="1" ind2="0" tag="245"><subfield code="a">Zion's herald.</subfield></datafield><datafield ind1=" " ind2=" " tag="260"><subfield code="a">Boston :</subfield><subfield code="b">Moore and Prowse,</subfield><subfield code="c">1823-</subfield></datafield><datafield ind1=" " ind2=" " tag="310"><subfield code="a">Weekly</subfield></datafield><datafield ind1=" " ind2=" " tag="336"><subfield code="a">text</subfield><subfield code="b">txt</subfield><subfield code="2">rdacontent</subfield></datafield><datafield ind1=" " ind2=" " tag="337"><subfield code="a">computer</subfield><subfield code="b">c</subfield><subfield code="2">rdamedia</subfield></datafield><datafield ind1=" " ind2=" " tag="338"><subfield code="a">online resource</subfield><subfield code="b">cr</subfield><subfield code="2">rdacarrier</subfield></datafield><datafield ind1="0" ind2=" " tag="362"><subfield code="a">Vol. 1, no. 1 (Jan. 9, 1823)-</subfield></datafield><datafield ind1="1" ind2=" " tag="362"><subfield code="a">Ceased with vol. 6, no. 35 (Aug. 27, 1828).</subfield></datafield><datafield ind1=" " ind2=" " tag="500"><subfield code="a">Title from pdf caption (ProQuest APS Online, viewed Nov. 6, 2007).</subfield></datafield><datafield ind1=" " ind2=" " tag="530"><subfield code="a">Also issued in print and on microfilm.</subfield></datafield><datafield ind1=" " ind2=" " tag="550"><subfield code="a">Published for: New England Conference of the Methodist Episcopal Church, 1824-July 20, 1825; New England and Maine Conferences of the Methodist Episcopal Church, July 27, 1825-Sept. 19, 1827; under the direction of the Trustees of the Wesleyan Academy, Wilbraham for the benefit of the New England and Maine Conferences of the Methodist Episcopal Church, &lt;Sept. 26, 1827-&gt;</subfield></datafield><datafield ind1=" " ind2=" " tag="580"><subfield code="a">Merged with: Christian advocate and journal (Online); to form: Christian advocate and journal and Zion's herald (Online).</subfield></datafield><datafield ind1=" " ind2=" " tag="588"><subfield code="a">Latest issue consulted: Vol. 5, no. 52 (Dec. 26, 1827), viewed Nov. 6, 2007.</subfield></datafield><datafield ind1="2" ind2="0" tag="610"><subfield code="a">Methodist Church (U.S.)</subfield><subfield code="v">Newspapers.</subfield></datafield><datafield ind1=" " ind2="0" tag="650"><subfield code="a">Religious literature, American</subfield><subfield code="y">19th century</subfield><subfield code="v">Newspapers.</subfield></datafield><datafield ind1=" " ind2="0" tag="651"><subfield code="a">Boston (Mass.)</subfield><subfield code="v">Newspapers.</subfield></datafield><datafield ind1="2" ind2="7" tag="610"><subfield code="a">Methodist Church (U.S.)</subfield><subfield code="2">fast</subfield><subfield code="0">(OCoLC)fst00541690</subfield></datafield><datafield ind1=" " ind2="7" tag="650"><subfield code="a">Religious literature, American.</subfield><subfield code="2">fast</subfield><subfield code="0">(OCoLC)fst01094155</subfield></datafield><datafield ind1=" " ind2="7" tag="651"><subfield code="a">Massachusetts</subfield><subfield code="z">Boston.</subfield><subfield code="2">fast</subfield><subfield code="0">(OCoLC)fst01205012</subfield></datafield><datafield ind1=" " ind2="7" tag="648"><subfield code="a">1800-1899</subfield><subfield code="2">fast</subfield></datafield><datafield ind1=" " ind2="7" tag="655"><subfield code="a">Newspapers.</subfield><subfield code="2">fast</subfield><subfield code="0">(OCoLC)fst01423814</subfield></datafield><datafield ind1="2" ind2=" " tag="710"><subfield code="a">Methodist Episcopal Church.</subfield><subfield code="b">New England Conference.</subfield></datafield><datafield ind1="2" ind2=" " tag="710"><subfield code="a">Methodist Episcopal Church.</subfield><subfield code="b">Maine Conference.</subfield></datafield><datafield ind1="1" ind2=" " tag="776"><subfield code="t">Zion's herald (Boston, Mass. : 1823)</subfield><subfield code="w">(DLC)sn 91063068</subfield><subfield code="w">(OCoLC)6639390</subfield></datafield><datafield ind1="1" ind2="7" tag="785"><subfield code="t">Christian advocate and journal, and Zion's herald (Online)</subfield><subfield code="w">(DLC)  2007233805</subfield><subfield code="w">(OCoLC)70842358</subfield></datafield><datafield ind1="1" ind2="7" tag="785"><subfield code="t">Christian advocate and journal (New York, N.Y. : 1827 : Online)</subfield><subfield code="w">(DLC)  2007233804</subfield><subfield code="w">(OCoLC)70842271</subfield></datafield><datafield ind1="4" ind2="0" tag="856"><subfield code="u">http://proquest.umi.com/pdqweb</subfield></datafield></record>